@Article{fab2011,
  author = "Angela Fabregues and Carles Sierra"
  title = "DipGame: a challenging negotiation testbed" 
  year = "2011"
}

