% This file was created with JabRef 2.6.
% Encoding: UTF-8

@MANUAL{DiploRules00,
  title = {Rules of Diplomacy},
  author = {Calhammer},
  organization = {The Avalon Hill Company},
  edition = {4},
  year = {2000},
  owner = {mh2308},
  timestamp = {2012.01.05}
}

@ARTICLE{Chavez96,
  author = {Chavez and Maes and Kasbah},
  title = {An agent marketplace for buying and selling goods},
  journal = {The First International conference on practical application of intelligent
	agents and Multi agents technology},
  year = {1996},
  pages = {75-90},
  owner = {matthias},
  timestamp = {2012.01.09}
}

@ARTICLE{Conry91,
  author = {Conry},
  title = {Multistage negotiation for distributed satisfaction},
  journal = {IEEE Transactions on Systems, Man and Cybernetics},
  year = {1991},
  volume = {21},
  pages = {1462-1477},
  owner = {matthias},
  timestamp = {2012.01.09}
}

@INPROCEEDINGS{Fabregues10_01,
  author = {Fabregues and Navarro and Serrano and Sierra},
  title = {DipGame: A test-bed for mult-agent systems},
  booktitle = {Autonomous agents and Multi-Agent systems Toronto},
  year = {2010},
  owner = {matthias},
  timestamp = {2012.01.09}
}

@TECHREPORT{Fabregues10_02,
  author = {Fabregues and Sierra},
  title = {An agent architecture for simultaneous bi-lateral negotiations},
  institution = {IIIA - Artificial Intelligence Research Institute},
  year = {2010},
  owner = {matthias},
  timestamp = {2012.01.09}
}

@TECHREPORT{Fabregues09,
  author = {Fabregues and Sierra},
  title = {Diplomacy game: the test-bed},
  institution = {IIIA - Artificial Intelligence Research Institute},
  year = {2009},
  journal = {PerAda Magazine},
  owner = {matthias},
  timestamp = {2012.01.09}
}

@MISC{Fabregues11,
  author = {Angela Fabregues and Carles Sierra},
  title = {Negotiating with humans using the Diplomacy game},
  year = {2011},
  note = {COMPILED IN NOTES}
}

@MASTERSTHESIS{Fransson03,
  author = {Fransson},
  title = {Agentchess - an agent chess approach},
  school = {Blekinge Inst. Technology},
  year = {2003},
  owner = {matthias},
  timestamp = {2012.01.09}
}

@ARTICLE{Grosz96,
  author = {Grosz},
  title = {Collaborative plans for complex group activities},
  journal = {Artificial Intelligence Journal},
  year = {1996},
  volume = {86},
  pages = {269-357},
  owner = {matthias},
  timestamp = {2012.01.09}
}

@BOOK{Guiasu80,
  title = {Coalition and Connection in Games},
  publisher = {Pergamon Press},
  year = {1980},
  author = {Guiasu and Malitza},
  owner = {matthias},
  timestamp = {2012.01.09}
}

@UNPUBLISHED{Hall95,
  author = {Michael R. Hall and Daniel E. Loeb},
  title = {Thoughts on programming a Diplomat},
  note = {COMPILED IN NOTES},
  month = {November},
  year = {1995},
  owner = {mh2308},
  timestamp = {2012.01.07}
}

@ARTICLE{Huff05,
  author = {Andrew Huff and Vincent Chan and Laurence Tondelier and Damian Bundred
	and Colm Egan},
  title = {Automated Negotiation in the Game of Diplomacy},
  journal = {Imperial College Project Report},
  year = {2005},
  note = {COMPILED IN NOTES},
  owner = {mh2308},
  timestamp = {2012.01.05}
}

@INPROCEEDINGS{Johansson05,
  author = {Stefan J. Johansson and Fredrik Håård},
  title = {Tactical coordination in No-Press Diplomacy},
  booktitle = {AAMAS '05 Proceedings of the fourth international joint conference
	on Autonomous agents and multiagent systems},
  year = {2005},
  note = {COMPILED IN NOTES},
  abstract = {While there is a broad theoretic foundation for creating
	
	computational players for two-player games, such as Chess,
	
	the multi-player domain is not as well explored. We make
	
	an attempt to apply a multi-agent approach to a multiplayer
	
	game with huge search spaces and multiple adversaries,
	
	namely no-press Diplomacy. We tested our solution
	
	against other available bots in an open competition and show
	
	that our solution outperforms its competitors in score while
	
	being competitive in speed.},
  owner = {mh2308},
  timestamp = {2012.01.07}
}

@BOOK{Karass70,
  title = {The negotiation game: How to get what you want},
  publisher = {Thomas Crowell Company, NY},
  year = {1970},
  author = {Karass},
  owner = {matthias},
  timestamp = {2012.01.09}
}

@ARTICLE{Kraus96,
  author = {Kraus},
  title = {Beliefs, time and incomplete information in multiple-encounter negotiations
	among autonomous agents},
  journal = {Annals of Mathematics and Artificial Intelligence},
  year = {1996},
  owner = {matthias},
  timestamp = {2012.01.09}
}

@PHDTHESIS{Kraus88,
  author = {Kraus},
  title = {Planning and Communicating in a Multi-Agent environment},
  school = {Hebrew University},
  year = {1988},
  note = {COMPILED IN NOTES},
  owner = {mh2308},
  timestamp = {2012.01.05}
}

@ARTICLE{Kraus95,
  author = {Kraus and Lehmann},
  title = {Designing and building a negotiating automated agent},
  journal = {Computational Intelligence},
  year = {1995},
  volume = {11},
  pages = {132--171},
  note = {COMPILED IN NOTES}
}

@ARTICLE{Kraus89,
  author = {Kraus and Lehmann and Ephrati},
  title = {An automated Diplomacy player},
  journal = {Heuristic Programming in Artificial Intelligence},
  year = {1989},
  pages = {134--153},
  note = {SAME AS THIRD PAPER},
  owner = {mh2308},
  timestamp = {2012.01.04}
}

@ARTICLE{Kraus:1992:NNE:124206.124207,
  author = {Kraus, Sarit and Ephrati, Eithan and Lehmann, Daniel},
  title = {Negotiation in a non-cooperative environment},
  journal = {J. Exp. Theor. Artif. Intell.},
  year = {1992},
  volume = {3},
  pages = {255--281},
  month = {January},
  acmid = {124207},
  address = {Bristol, PA, USA},
  doi = {10.1080/09528139108915294},
  issn = {0952-813X},
  issue = {4},
  numpages = {27},
  publisher = {Taylor \& Francis, Inc.},
  url = {http://dl.acm.org/citation.cfm?id=124206.124207}
}

@TECHREPORT{Levinson94,
  author = {Robert Levinson and Gil Fuchs},
  title = {A Pattern-Weight Formulation of Search Knowledge},
  institution = {Computational Intelligence},
  year = {1994},
  note = {COMPILED IN NOTES},
  abstract = {\5}
}

@MASTERSTHESIS{Lim2009,
  author = {Lim and Paula and Cheng and Ng and Gong},
  title = {Automated Negotiation in the Game of Diplomacy},
  school = {Imperial College London},
  year = {2009},
  note = {COMPILED IN NOTES},
  owner = {mh2308},
  timestamp = {2012.01.05}
}

@ARTICLE{Lin2010,
  author = {Raz Lin and Sarit Kraus},
  title = {Can automated agents proficiently negotiate with humans?},
  journal = {Communications of the ACM},
  year = {2010},
  volume = {53},
  pages = {78-88},
  owner = {mh2308},
  timestamp = {2012.01.04}
}

@ARTICLE{Loeb95,
  author = {Loeb},
  title = {Challenges in multi-player gaming by computers},
  journal = {The Diplomatic pouch zone},
  year = {1995},
  owner = {matthias},
  timestamp = {2012.01.09}
}

@MISC{Lorber98,
  author = {Sean Lorber},
  title = {SeaNail Diplomacy AI},
  howpublished = {Website},
  year = {1998},
  note = {COMPILED IN NOTES},
  owner = {mh2308},
  timestamp = {2012.01.05}
}

@INPROCEEDINGS{Polberg2011,
  author = {Polberg, S. and Paprzycki, M. and Ganzha, M.},
  title = {Developing intelligent bots for the Diplomacy game},
  booktitle = {Proc. Federated Conf. Computer Science and Information Systems (FedCSIS)},
  year = {2011},
  pages = {589--596},
  note = {COMPILED IN NOTES},
  __markedentry = {[mh2308]},
  owner = {mh2308},
  timestamp = {2012.01.04}
}

@ARTICLE{Sandholm97,
  author = {Sandholm and Lesser},
  title = {Coalition formation among bounded rational agents},
  journal = {Artificial Intelligence},
  year = {1997},
  owner = {matthias},
  timestamp = {2012.01.09}
}

@UNPUBLISHED{Shaheed04,
  author = {Jaspreet Shaheed},
  title = {Creating a Diplomat},
  note = {COMPILED IN NOTES},
  month = {June},
  year = {2004},
  owner = {mh2308},
  timestamp = {2012.01.07}
}

@INPROCEEDINGS{Shapiro02,
  author = {Ari Shapiro and Gil Fuchs and Robert Levinson},
  title = {Learning a game strategy using patternweights and self-play},
  booktitle = {In Proc. of the Third International Conference on Computers and Games},
  year = {2002},
  note = {COMPILED IN NOTES}
}

@ARTICLE{Smith77,
  author = {R.G. Smith},
  title = {The contract net: A formalism for the control of distributed problem
	solving},
  journal = {Proceedings of the 5th international joint conference on AI},
  year = {1977},
  volume = {IJCAI-77},
  owner = {matthias},
  timestamp = {2012.01.09}
}

@MISC{Tesauro,
  author = {Tesauro},
  title = {Temporal Difference Learning and TD Gammon},
  note = {COMPILED IN NOTES},
  owner = {mh2308},
  timestamp = {2012.01.04}
}

@ARTICLE{Tzeng88,
  author = {Tzeng},
  title = {A theory of heuristic information in Game-Tree search},
  journal = {Springer-Verlag},
  year = {1988},
  owner = {matthias},
  timestamp = {2012.01.09}
}

@UNPUBLISHED{Hong04,
  author = {Theodore W.Hong and Pascal Hitzler and Jaspreet Shaheed},
  title = {The game of Diplomacy as a grand challenge for Artificial intelligence},
  note = {COMPILED IN NOTES},
  year = {2004},
  owner = {mh2308},
  timestamp = {2012.01.07}
}

@ARTICLE{Walsh02,
  author = {Walsh and Das and Tesauro and Kephart},
  title = {Analyzing complex strategic interactions in multi-agent systems},
  journal = {Proceedings of the AAAI Spring symposium on Game Theoretic and Decision
	theoretic agents},
  year = {2002},
  pages = {109-118},
  owner = {matthias},
  timestamp = {2012.01.09}
}

@MASTERSTHESIS{Webb08,
  author = {Webb and Chin and Wilkins and Payce and Dedoyard@MASTERSTHESIS{Webb08,
	
	 author = {Webb and Chin and Wilkins and Payce and Dedoyard},
	
	 title = {Automated Negotiation in the Game of Diplomacy},
	
	 school = {Imperial College London},
	
	 year = {2008},
	
	 owner = {mh2308},
	
	 timestamp = {2012.01.05}
	
	}},
  title = {Automated Negotiation in the Game of Diplomacy},
  school = {Imperial College London},
  year = {2008},
  note = {COMPILED IN NOTES},
  owner = {mh2308},
  timestamp = {2012.01.05}
}

@MISC{ParsecLib,
  title = {Parsec Library HaskellWiki},
  howpublished = {http://www.haskell.org/haskellwiki/Parsec},
  note = {COMPILED IN NOTES},
  owner = {mh2308},
  timestamp = {2012.01.05}
}

@MISC{DAIDEsyntax10,
  title = {DAIDE language syntax specification},
  howpublished = {Website},
  month = {March},
  year = {2010},
  owner = {mh2308},
  timestamp = {2012.01.05}
}

@ELECTRONIC{Daide04,
  month = {December},
  year = {2004},
  title = {DAIDE Webpage},
  howpublished = {Web},
  url = {www.starblood.org/daide/},
  owner = {mh2308},
  timestamp = {2012.01.04}
}

@ELECTRONIC{DipArchive04,
  month = {December},
  year = {2004},
  title = {The Diplomacy archive},
  howpublished = {Web},
  url = {www.diplomacy-archive.com},
  owner = {mh2308},
  timestamp = {2012.01.04}
}

@ELECTRONIC{DipPouch04,
  month = {December},
  year = {2004},
  title = {The diplomatic pouch},
  howpublished = {Web},
  url = {www.diplom.org},
  owner = {mh2308},
  timestamp = {2012.01.04}
}

@comment{jabref-meta: selector_publisher:}

@comment{jabref-meta: selector_author:}

@comment{jabref-meta: selector_journal:}

@comment{jabref-meta: selector_keywords:}

